@inproceedings{mirajul2024edm,
    author = {Md Mirajul Islam and Xi Yang and \textbf{John Wesley Hostetter} and Adittya Soukarjya Saha and Min Chi},
    title = {A Generalized Apprenticeship Learning Framework for Modeling Heterogeneous Student Pedagogical Strategies},
    booktitle = {Proceedings of the 17th International Conference Proceedings on Educational Data Mining},
    year = 2024
}

@inproceedings{mirajul2024edm_short,
    author = {Islam, Md Mirajul and Yang, Xi and {\bf J. W. Hostetter} and Saha, Adittya Soukarjya and Chi, Min},
    title = {A Generalized Apprenticeship Learning Framework for Modeling Heterogeneous Student Pedagogical Strategies},
    booktitle = {17th Int'l Conference Proceedings on EDM},
    year = 2024
}

@article{abdelshiheed2024example,
    author ={Mark Abdelshiheed and Robert Moulder and {\bf J. W. Hostetter} and Tiffany Barnes and Min Chi},
    title ={Example, Nudge, or Practice? {A}ssessing Metacognitive Knowledge Transfer of Factual and Procedural Learners},
    journal ={User Modeling and User-Adapted Interaction},
    year ={2024} 
}

@inproceedings{hostetter2023xai,
author = {{\bf Hostetter, John Wesley} and Conati, Cristina and Yang, Xi and Abdelshiheed, Mark and Barnes, Tiffany and Chi, Min},
title = {{XAI} to {I}ncrease the {E}ffectiveness of an {I}ntelligent {P}edagogical {A}gent},
year = {2023},
publisher = {Association for Computing Machinery},
booktitle = {Proceedings of the 23rd ACM International Conference on Intelligent Virtual Agents},
location = {Würzburg, Germany},
series = {IVA '23},
note={\bf(Best Paper Finalist) \textcolor{magenta}{\it Acceptance Rate of 28.0\%}}, 
}

@inproceedings{hostetter2023xai_short,
author = {{\bf J. W. Hostetter} and Conati, Cristina and Yang, Xi and Abdelshiheed, Mark and Barnes, Tiffany and Chi, Min},
title = {{XAI} to {I}ncrease the {E}ffectiveness of an {I}ntelligent {P}edagogical {A}gent},
year = {2023},
booktitle = {23rd ACM Int'l Conference Proceedings on IVA},
location = {Würzburg, Germany},
note={\textcolor{magenta}{\it 28.0\% Acceptance}}, 
}

@inproceedings{hostetter2023leveraging,
  title={Leveraging Fuzzy Logic Towards More Explainable Reinforcement Learning-Induced Pedagogical Policies on Intelligent Tutoring Systems},
  author={{\bf Hostetter, John Wesley} and Abdelshiheed, Mark and Barnes, Tiffany and Chi, Min},
  booktitle={2023 {IEEE} International Conference on Fuzzy Systems},
  year={2023},
  organization={IEEE}
}

@inproceedings{hostetter2023leveraging_short,
  title={Leveraging Fuzzy Logic Towards More Explainable Reinforcement Learning-Induced Pedagogical Policies on Intelligent Tutoring Systems},
  author={{\bf J. W. Hostetter} and Abdelshiheed, Mark and Barnes, Tiffany and Chi, Min},
  booktitle={{IEEE} Int'l Conference on Fuzzy Systems},
  year={2023},
}

% FUZZ IEEE acceptance rate ~ 137/252 papers

@inproceedings{hostetter2023latent,
  title={Latent Space Encoding for Interpretable Fuzzy Logic Rules in Continuous and Noisy High-Dimensional Spaces},
  author={{\bf J. W. Hostetter} and Chi, Min},
  booktitle={2023 {IEEE} International Conference on Fuzzy Systems},
  year={2023},
  organization={IEEE}
}

@inproceedings{hostetter2023latent_short,
  title={Latent Space Encoding for Interpretable Fuzzy Logic Rules in Continuous and Noisy High-Dimensional Spaces},
  author={{\bf J. W. Hostetter} and Chi, Min},
  booktitle={{IEEE} Int'l Conference on Fuzzy Systems},
  year={2023},
}

%Abbreviated conference (AAMAS)
%Original: Proceedings of the 22nd International Conference on Autonomous Agents and Multiagent Systems
@inproceedings{hostetter2023self,
    title={A {S}elf-{O}rganizing {N}euro-{F}uzzy {Q}-{N}etwork: Systematic Design with Offline Hybrid Learning},
    author={{\bf J. W. Hostetter} and Abdelshiheed, Mark and Barnes, Tiffany and Chi, Min},
    booktitle={22nd Int'l Conference Proceedings on AAMAS},
    year={2023},
    note={\textcolor{magenta}{\it 23.3\% Acceptance (1,015 submissions)}}
}

% https://www.aied2023.org/best_paper_nominees.html
@inproceedings{abdelshiheed2023leveraging,
    title={Leveraging {D}eep {R}einforcement {L}earning for {M}etacognitive {I}nterventions across {I}ntelligent {T}utoring {S}ystems},
    author={Abdelshiheed, Mark and {\bf Hostetter, John Wesley} and Barnes, Tiffany and Chi, Min},
    booktitle={Proceedings of the 24th International Conference on Artificial Intelligence in Education},
    Organization={Springer International Publishing},
    year={2023},
    note={\bf(Best Paper Finalist) \textcolor{magenta}{\it Acceptance Rate of 21.11\%}}
}

% https://www.aied2023.org/best_paper_nominees.html
@inproceedings{abdelshiheed2023leveraging_short,
    title={Leveraging {D}eep {R}einforcement {L}earning for {M}etacognitive {I}nterventions across {I}ntelligent {T}utoring {S}ystems},
    author={Abdelshiheed, Mark and {\bf J. W. Hostetter} and Barnes, Tiffany and Chi, Min},
    booktitle={24th Int'l Conference Proceedings on AIED},
    year={2023},
    note={\textcolor{magenta}{\it 21.11\% Acceptance}}
}

@inproceedings{abdelshiheed2023bridging,
    title={Bridging Declarative, Procedural, and Conditional Metacognitive Knowledge Gap Using Deep Reinforcement Learning},
    author={Abdelshiheed, Mark and {\bf J. W. Hostetter} and Barnes, Tiffany and Chi, Min},
    booktitle={45th Annual Conference Proceedings of the Cognitive Science Society},
    year={2023},
    note={\textcolor{magenta}{\it 17.0\% Acceptance}}
}

@inproceedings{abdelshiheed2023bridging_short,
    title={Bridging Declarative, Procedural, and Conditional Metacognitive Knowledge Gap Using Deep Reinforcement Learning},
    author={Abdelshiheed, Mark and {\bf J. W. Hostetter} and Barnes, Tiffany and Chi, Min},
    booktitle={45th Annual Conf. Proc. of CogSci},
    year={2023},
    note={\textcolor{magenta}{\it 17.0\% Acceptance}}
}

@inproceedings{abdelshiheed2022power,
 title={The Power of Nudging: Exploring Three Interventions for Metacognitive Skills Instruction across Intelligent Tutoring Systems},
author={Abdelshiheed, Mark and {\bf J. W. Hostetter} and Shabrina, Preya and Barnes, Tiffany and Chi, Min},
booktitle={44th Annual Conference Proceedings of the Cognitive Science Society},
volume={44},
year={2022},
note={\textcolor{magenta}{\it 27.0\% Acceptance}}
}

@inproceedings{abdelshiheed2022power_short,
 title={The Power of Nudging: Exploring Three Interventions for Metacognitive Skills Instruction across {ITS}s},
author={Abdelshiheed, Mark and {\bf J. W. Hostetter} and Shabrina, Preya and Barnes, Tiffany and Chi, Min},
booktitle={44th Annual Conf. Proc. of CogSci},
year={2022},
note={\textcolor{magenta}{\it 27.0\% Acceptance}}
}

@inproceedings{abdelshiheed2022mixing, 
title={Mixing Backward-with Forward-Chaining for Metacognitive Skill Acquisition and Transfer}, 
author={Abdelshiheed, Mark and {\bf Hostetter, John Wesley} and Yang, Xi and Barnes, Tiffany and Chi, Min}, 
booktitle={International Conference on Artificial Intelligence in Education},
pages={546--552}, 
year={2022}, 
organization={Springer},
note={\textcolor{magenta}{\it 20.0\% Acceptance}}
}

@inproceedings{abdelshiheed2022mixing_short, 
title={Mixing Backward-with Forward-Chaining for Metacognitive Skill Acquisition and Transfer}, 
author={Abdelshiheed, Mark and {\bf J. W. Hostetter} and Yang, Xi and Barnes, Tiffany and Chi, Min}, 
booktitle={Int'l Conference on AIED},
pages={546--552}, 
year={2022}, 
organization={Springer},
note={\textcolor{magenta}{\it 20.0\% Acceptance}}
}